@book{marlow,
   title = {Parallel and Concurrent Programming in Haskell},
   author = {Simon Marlow},
   publisher = {O’Reilly Media},
   isbn = {0471935670},
   year = {2013}
}

%Laziness

@online{apfelmus,
    author = "Heinrich Apfelmus",
    title = "The Incomplete Guide to Lazy Evaluation (in Haskell)",
    url = "https://hackhands.com/guide-lazy-evaluation-haskell/"
}

@online{augustsson,
    author = "Lennart Augustsson",
    title = "More points to lazy evaluation",
    url = "http://augustss.blogspot.com/2011/05/more-points-for-lazy-evaluation-in.html"
}

@online{lazyHarper,
    author = "Robert Harper",
    title = "The real point of laziness",
    url = "https://existentialtype.wordpress.com/2011/04/24/the-real-point-of-laziness/"
}

@book{plasmeijer,
   title = {Functional programming and parallel graph rewriting(free web version)},
   author = {M. R. Sleep, M. J. Plasmeijer},
   publisher = {John Wiley & Sons Inc},
   isbn = {0471935670},
   year = {1993}
}
   

%Introductory

@article{spjTutorial,
    author = "Simon Peyton Jones and Satnam Singh",
    title = "A Tutorial on Parallel and Concurrent Programming in Haskell"
}

@article{beautiful,
    author = "Simon Peyton Jones",
    title = "Beautiful concurrency"
}

@article{spjConcurrent,
    author = "Simon Peyton Jones, Andrew Gordon, Sigbjorn Finne",
    title = "Concurrent Haskell"
}

@article{algorithmPlusStrategy,
    author = "P. W. Trinder, K. Hammond,  H. -W. Loidl, S. L. Peyton Jones",
    title = "Algorithm + strategy = parallelism"
}

@article{marlowTutorial,
    author = "Simon Marlow",
    title = "Parallel and Concurrent Programming in Haskell (Tutorial)"
}

% My own

@online{lab1,
    author = "Никита Юрченко",
    title = "Лабораторная работа №1",
    url = "https://github.com/zelinskiy/PP/blob/master/lab1/Main.hs"
}

% Other


@book{sevenModels,
   title = {Seven Concurrency Models in Seven Weeks},
   author = {Paul Butcher},
   publisher = {Pragmatic Bookshelf},
   isbn = {000},
   year = {2016}
}

@article{lazyWithClass,
    author = "Paul Hudak, John Hughes, Simon Peyton Jones, Philip Wadler",
    title = "A history of Haskell: being lazy with class"
}

%NEW

@online{systemFC,
    author = "Richard Eisenberg",
    title = "System FC, as implemented in GHC",
    url = "https://github.com/ghc/ghc/raw/master/docs/core-spec/core-spec.pdf"
}

@online{coreSource,
    title = "GHC Source Mirror - GHC Core",
    url = "https://github.com/ghc/ghc/blob/f63bc730c7ea42ca6882f8078eb86be8bf1cc6ad/compiler/coreSyn/CoreSyn.hs"
}


@online{haskellInCloud,
    author = "Jeff Epstein, Andrew P. Black, Simon Peyton-Jones",
    title = "Towards Haskell in the Cloud",
    url = "https://www.microsoft.com/en-us/research/wp-content/uploads/2016/07/remote.pdf"
}

@online{cloudSemantics,
    author = "Well-Typed Ltd.",
    title = "Cloud Haskell Semantics",
    url = "https://haskell-distributed.github.io/static/semantics.pdf"
}

@online{loh,
    authors = "Andres L[\"o]h",
    title = "Distributed Programming with Cloud Haskell",
    url = "https://www.andres-loeh.de/Cloud.pdf"
}

@online{Altamira,
    authors = "Mal Código",
    title = "Using Cloud Haskell in HPC Cluster",
    url = "http://malcodigo.blogspot.com.es/2012/10/using-cloud-haskell-in-hpc-cluster.html"
}

@online{cloudPi,
    authors = "Alen Ribic",
    title = "Raspberry Pi in a Haskell Cloud",
    url = "http://web.archive.org/web/20170113133119/http://alenribic.com/posts/2012-08-17-raspberry-pi-in-a-haskell-cloud.html"
}

@online{sources,
    authors = "Микита Юрченко",
    title = "Вихідні коди прикладів",
    url = "https://github.com/zelinskiy/CloudHaskell"
}

@online{sources,
    author = "Микита Юрченко",
    title = "Вихідні коди прикладів",
    url = "https://github.com/zelinskiy/CloudHaskell"
}

@online{dotfiles,
    author = "Микита Юрченко",
    title = "Мої конфігураційні файли",
    url = "https://github.com/zelinskiy/dotfiles/tree/a07000319a7782a1477e7b68291d859b67c577b9"
}

@online{nixos,
    title = "Getting NixOS",
    url = "https://nixos.org/nixos/download.html"
}

@online{emacs,
    title = "Get Emacs",
    url = "https://www.gnu.org/software/emacs/"
}

@online{ghci,
    title = "GHC User's Guide",
    url = "https://downloads.haskell.org/~ghc/6.6/docs/html/users_guide/ghci-commands.html"
}

@online{haskellModeInstall,
    title = "Installing haskell-mode",
    url = "https://github.com/haskell/haskell-mode/blob/9018ad5cac0b1b1b5e0a51586027fb0ca4076b1a/README.md"
}

@online{haskellModeManual,
    title = "haskell-mode manual",
    url = "http://haskell.github.io/haskell-mode/manual/latest/"
}

@online{cloudSLPJ,
    author = "Simon Peyton-Jones",
    title = "Towards haskell in the cloud, talk at Scala Days 2012",
    url = "https://skillsmatter.com/skillscasts/3241-haskell-cloud"
}

@online{staticPtr,
    title = "Static Pointers - GHC Wiki",
    url = "https://ghc.haskell.org/trac/ghc/wiki/StaticPointers"
}

@online{lambdaMoskvin,
    author="Д. Н. Москвин",
    title = "Лямбда исчисление",
    url = "https://compscicenter.ru/media/slides/func_prog_2014_spring/2014_02_14_func_prog_2014_spring_2.pdf"
}

@online{lambdaMoskvin,
    author="Herb Sutter",
    title = "The Free Lunch Is Over: A Fundamental Turn Toward Concurrency in Software",
    url = "https://www.cs.utexas.edu/~lin/cs380p/Free_Lunch.pdf"
}

@online{epsteinThesis,
    author="Jeffrey Epstein",
    title = "MPhil thesis, Functional programming for the data centre",
    year = "2011",
    url = "https://www.microsoft.com/en-us/research/wp-content/uploads/2016/07/epstein-thesis.pdf"
}

@online{armstrongThesis,
    author="Joe Armstrong",
    title = "PhD thesis, Making reliable distributed systems in the presence of software errors",
    year = "2011",
    url = "http://erlang.org/download/armstrong_thesis_2003.pdf"
}






